@ARTICLE{2018arXiv180406739S,
   author = {{Shamir}, O.},
    title = "{Are ResNets Provably Better than Linear Predictors?}",
  journal = {ArXiv e-prints},
archivePrefix = "arXiv",
   eprint = {1804.06739},
 primaryClass = "cs.LG",
 keywords = {Computer Science - Learning, Computer Science - Neural and Evolutionary Computing, Statistics - Machine Learning},
     year = 2018,
    month = apr,
   adsurl = {http://adsabs.harvard.edu/abs/2018arXiv180406739S},
  adsnote = {Provided by the SAO/NASA Astrophysics Data System}
}

@inproceedings{he2016deep,
  title={Deep residual learning for image recognition},
  author={He, Kaiming and Zhang, Xiangyu and Ren, Shaoqing and Sun, Jian},
  booktitle={Proceedings of the IEEE conference on computer vision and pattern recognition},
  pages={770--778},
  year={2016}
}

@inproceedings{he2016identity,
  title={Identity mappings in deep residual networks},
  author={He, Kaiming and Zhang, Xiangyu and Ren, Shaoqing and Sun, Jian},
  booktitle={European conference on computer vision},
  pages={630--645},
  year={2016},
  organization={Springer}
}

@article{silver2017mastering,
  title={Mastering the game of Go without human knowledge},
  author={Silver, David and Schrittwieser, Julian and Simonyan, Karen and Antonoglou, Ioannis and Huang, Aja and Guez, Arthur and Hubert, Thomas and Baker, Lucas and Lai, Matthew and Bolton, Adrian and others},
  journal={Nature},
  volume={550},
  number={7676},
  pages={354},
  year={2017},
  publisher={Nature Publishing Group}
}

@article{han2016deep,
  title={Deep residual learning for compressed sensing CT reconstruction via persistent homology analysis},
  author={Han, Yo Seob and Yoo, Jaejun and Ye, Jong Chul},
  journal={arXiv preprint arXiv:1611.06391},
  year={2016}
}

@article{cicek2018saas,
  title={SaaS: Speed as a Supervisor for Semi-supervised Learning},
  author={Cicek, Safa and Fawzi, Alhussein and Soatto, Stefano},
  journal={arXiv preprint arXiv:1805.00980},
  year={2018}
}

@article{cicek2018input,
  title={Input and Weight Space Smoothing for Semi-supervised Learning},
  author={Cicek, Safa and Soatto, Stefano},
  journal={arXiv preprint arXiv:1805.09302},
  year={2018}
}